<collection xmlns="http://www.loc.gov/MARC21/slim">
<record>
  <leader>00827nam0a22001931i 450 </leader>
  <controlfield tag="001">IT\ICCU\CNCE\079365</controlfield>
  <controlfield tag="005">20170316000000.0</controlfield>
  <datafield tag="100" ind1=" " ind2=" ">
    <subfield code="a">20170202d1555        0itac0103    ba</subfield>
  </datafield>
  <datafield tag="101" ind1=" " ind2=" ">
    <subfield code="a">ITA</subfield>
  </datafield>
  <datafield tag="102" ind1=" " ind2=" ">
    <subfield code="a">IT</subfield>
  </datafield>
  <datafield tag="200" ind1="1" ind2=" ">
    <subfield code="a">Opera noua che comprende quattro libretti: si come nel sequente foglio leggendo, meglio si potr ̉intendere. Bartholomeo Georgieuitz de Croacia, detto Pellegrino Hierosolymitano authore</subfield>
  </datafield>
  <datafield tag="210" ind1=" " ind2=" ">
    <subfield code="d">1555</subfield>
    <subfield code="e">In Roma</subfield>
    <subfield code="g">appresso Antonio Barre</subfield>
  </datafield>
  <datafield tag="215" ind1=" " ind2=" ">
    <subfield code="a">\70! c.</subfield>
    <subfield code="c">ill.</subfield>
    <subfield code="d">8ʻ</subfield>
  </datafield>
  <datafield tag="620" ind1=" " ind2=" ">
    <subfield code="a">IT</subfield>
    <subfield code="d">Roma</subfield>
  </datafield>
  <datafield tag="700" ind1=" " ind2="1">
    <subfield code="a">Georgijevic,</subfield>
    <subfield code="b">Bartolomej</subfield>
    <subfield code="3">IT\ICCU\CNCA\005964</subfield>
  </datafield>
  <datafield tag="712" ind1="0" ind2="0">
    <subfield code="a">Barr,̌ Antonio</subfield>
    <subfield code="3">IT\ICCU\CNCT\002064</subfield>
    <subfield code="4">650</subfield>
  </datafield>
  <datafield tag="790" ind1=" " ind2="1">
    <subfield code="a">Gorgevic,</subfield>
    <subfield code="b">Bartholomaeus</subfield>
    <subfield code="3">IT\ICCU\CNCA\019475</subfield>
    <subfield code="z">Georgijevic, Bartolomej</subfield>
  </datafield>
  <datafield tag="790" ind1=" " ind2="0">
    <subfield code="a">Pellegrino</subfield>
    <subfield code="c"> : Hierosolymitano</subfield>
    <subfield code="3">IT\ICCU\CNCA\020878</subfield>
    <subfield code="z">Georgijevic, Bartolomej</subfield>
  </datafield>
  <datafield tag="801" ind1=" " ind2="3">
    <subfield code="a">IT</subfield>
    <subfield code="b">ICCU</subfield>
    <subfield code="c">20201115</subfield>
  </datafield>
</record>
</collection>
